@Book{Rybicka:Latex_pro_zacatecniky,
author = "Rybička, Jiří",
title = "{{\LaTeX}} pro začátečníky",
publisher = "Konvoj",
year = "2003",
edition = "3",
address = "Brno",
isbn = "80--7302--049--1",
}


@Book{Bringhurst:The_Elements,
author = "Bringhurst, Robert",
title = "The Elements of Typographic Style",
publisher = "Hartley and Marks",
year = "2004",
edition = "3",
address = "Vancouver",
isbn = "0--88179--206--3",
}


@BachelorThesis{Simek:Transformace_vyrazu,
author = "Šimek, Jiří",
title = "Transformace výrazů z Editoru Rovnic do LaTeXu",
school = "VUT FIT v~Brně",
address = "Brno",
year = "2009",
}


@MasterThesis{Lebeda:Interpret_jazyka_LaTeX,
author = "Lebeda, Petr",
title = "Interpret jazyka LaTeX založený na kombinaci více metod syntaktické analýzy",
school = "VUT FIT v~Brně",
address = "Brno",
year = "2008",
}


@Misc{Martinek:Latex,
author = "Martinek, David",
title = "{{\LaTeX}}ové speciality",
howpublished = "online",
revised = "Poslední změna 25. února 2010",
cited = "!2012-04-14",
url = "http://www.fit.vutbr.cz/{{\verb|~|}}martinek/latex/index.html",
}


@Misc{Benes:Uvod,
author = "Beneš, Miroslav",
title = "Úvod do systému {{\LaTeX}}",
howpublished = "online",
revised = "Poslední změna 1998",
cited = "!2014-04-22",
url = "http://www.cs.vsb.cz/benes/vyuka/latex/index.htm",
}


@Misc{Pecina:Typomil,
author = "Pecina, Martin",
title = "Typomil",
howpublished = "online",
revised = "Poslední změna 14. července 2013",
cited = "!2012-04-22",
url = "http://www.typomil.com//",
}


@InProceedings{TeX_conf:Proc,
author = "Syropulos, Apostolos and Berry, Karl and others",
title = "Tex, XML, and Digital Typography",
booktitle = "International Conference on TeX, XML, and Digital Typography Held Jointly with the 25th Annual Meeting of the TeX User Group",
address = "Berlin",
publisher = "Springer--Verlag",
year = "2004",
isbn = "3--540--22801--2",
}


@Article{Springer:Book_Reviews,
author = "Lloyd, Carr",
title = "Book Reviews",
journal = "Publishing Research Quarterly",
year = "2012",
number = "28",
pages = "75--77",
issn = "1053--8801",
}


@Article{Springer:Gutenberg_bible,
author = "Aureli, Alabert et al.",
title = "Classifying the typefaces of the Gutenberg 42--line bible",
journal = "Document Analysis and Recognition",
year = "2011",
number = "14",
pages = "303--317",
issn = "1433--2833",
}
